@article{armstrong_preston_2017,
    title={Capacity utilisation and performance at railway stations},
    volume={7},
    DOI={10.1016/j.jrtpm.2017.08.003},
    number={3},
    journal={Journal of Rail Transport Planning \& Management},
    author={Armstrong, John and Preston, John},
    year={2017},
    pages={187-205}
}

@article{briggs_beck_2007,
    title={Modelling train delays with q-exponential functions},
    volume={378},
    DOI={10.1016/j.physa.2006.11.084},
    number={2},
    journal={Physica A: Statistical Mechanics and its Applications},
    author={Briggs, Keith and Beck, Christian},
    year={2007},
    pages={498-504}
}

@inbook{cerreto_nielsen_harrod_nielsen_2016,
    title={Causal Analysis of Railway Running Delays},
    booktitle={11th World Congress on Railway Research (WCRR 2016)},
    author={Cerreto, Fabrizio and Nielsen, Otto Anker and Harrod, Steven and Nielsen Bo Friis},
    year={2016}
}

@article{corman_kecman_2018,
    title={Stochastic prediction of train delays in real-time using Bayesian networks},
    volume={95},
    DOI={10.1016/j.trc.2018.08.003},
    journal={Transportation Research Part C: Emerging Technologies},
    author={Corman, Francesco and Kecman, Pavle},
    year={2018},
    pages={599-615}
}

@article{daamen_goverde_hansen_2008,
    title={Non-Discriminatory Automatic Registration of Knock-On Train Delays},
    volume={9},
    DOI={10.1007/s11067-008-9087-2},
    number={1},
    journal={Networks and Spatial Economics},
    author={Daamen, Winnie and Goverde, Rob M. P. and Hansen, Ingo A.},
    year={2008},
    pages={47-61}
}

@article{gorman_2009,
    title={Statistical estimation of railroad congestion delay},
    volume={45},
    DOI={10.1016/j.tre.2008.08.004},
    number={3},
    journal={Transportation Research Part E: Logistics and Transportation Review},
    author={Gorman, Michael F.},
    year={2009},
    pages={446-456}
}

@phdthesis{goverde_2005,
    title={Punctuality of Railway Operations and Timetable Stability Analysis},
    school={University of Delft},
    author={Goverde, Rob},
    year={2005}
}

@article{goverde_2010,
    title={A delay propagation algorithm for large-scale railway traffic networks},
    volume={18},
    DOI={10.1016/j.trc.2010.01.002},
    number={3},
    journal={Transportation Research Part C: Emerging Technologies},
    author={Goverde, Rob M.P.},
    year={2010},
    pages={269-287}
}
@article{hansen_goverde_van_der_meer_2010,
    title={Online train delay recognition and running time prediction},
    DOI={10.1109/itsc.2010.5625081},
    journal={13th International IEEE Conference on Intelligent Transportation Systems},
    author={Hansen, Ingo A. and Goverde, Rob M.P. and van der Meer, Dirk J.},
    year={2010}
}

@book{harris_godward_1992,
    place={Glossop},
    title={Planning passenger railways},
    publisher={Transport Publishing Co.},
    author={Harris, Nigel G and Godward, Ernest W},
    year={1992}
}

@article{lessan_fu_wen_2019,
    title={A hybrid Bayesian network model for predicting delays in train operations},
    volume={127},
    DOI={10.1016/j.cie.2018.03.017},
    journal={Computers \& Industrial Engineering},
    author={Lessan, Javad and Fu, Liping and Wen, Chao},
    year={2019},
    pages={1214-1222}
}

@article{magadagela_nel_marnewick_2017,
    title={Identification of delay factors that affect high dwell times of freight trains},
    DOI={10.1109/temscon.2017.7998374},
    journal={2017 IEEE Technology \& Engineering Management Conference (TEMSCON)},
    author={Magadagela, Khuthadzo and Nel, Hannelie and Marnewick, Annlize},
    year={2017}
}

@article{markovic_milinkovic_tikhonov_schonfeld_2015,
    title={Analyzing passenger train arrival delays with support vector regression},
    volume={56},
    DOI={10.1016/j.trc.2015.04.004},
    journal={Transportation Research Part C: Emerging Technologies},
    author={Marković, Nikola and Milinković, Sanjin and Tikhonov, Konstantin S. and Schonfeld, Paul},
    year={2015},
    pages={251-262}
}

@article{martin_2016,
    title={Predictive Reasoning and Machine Learning for the Enhancement of Reliability in Railway Systems},
    DOI={10.1007/978-3-319-33951-1_13},
    journal={Reliability, Safety, and Security of Railway Systems. Modelling, Analysis, Verification, and Certification},
    author={Martin, Luke J. W.},
    year={2016},
    pages={178-188}
}

@article{milinkovic_markovic_veskovic_ivic_pavlovic_2013,
    title={A fuzzy Petri net model to estimate train delays},
    volume={33},
    DOI={10.1016/j.simpat.2012.12.005},
    journal={Simulation Modelling Practice and Theory},
    author={Milinković, Sanjin and Marković, Milan and Vesković, Slavko and Ivić, Miloš and Pavlović, Norbert},
    year={2013},
    pages={144-157}
}

@article{noland_polak_2002,
    title={Travel time variability: A review of theoretical and empirical issues},
    volume={22},
    DOI={10.1080/01441640010022456},
    number={1},
    journal={Transport Reviews},
    author={Noland, Robert B. and Polak, John W.},
    year={2002},
    pages={39-54}
}

@article{olsson_haugland_2004,
    title={Influencing factors on train punctuality—results from some Norwegian studies},
    volume={11},
    DOI={10.1016/j.tranpol.2004.07.001},
    number={4},
    journal={Transport Policy},
    author={Olsson, Nils O.E. and Haugland, Hans},
    year={2004},
    pages={387-397}
}

@article{oneto_fumeo_clerico_canepa_papa_dambra_mazzino_anguita_2016,
    title={Advanced Analytics for Train Delay Prediction Systems by Including Exogenous Weather Data},
    DOI={10.1109/dsaa.2016.57},
    journal={2016 IEEE International Conference on Data Science and Advanced Analytics (DSAA)},
    author={Oneto, Luca and Fumeo, Emanuele and Clerico, Giorgio and Canepa, Renzo and Papa, Federico and Dambra, Carlo and Mazzino, Nadia and Anguita, Davide},
    year={2016}
}

@article{pongnumkul_pechprasarn_kunaseth_chaipah_2014,
    title={Improving arrival time prediction of Thailand's passenger trains using historical travel times},
    DOI={10.1109/jcsse.2014.6841886},
    journal={2014 11th International Joint Conference on Computer Science and Software Engineering (JCSSE)},
    author={Pongnumkul, Suporn and Pechprasarn, Thanakij and Kunaseth, Narin and Chaipah, Kornchawal},
    year={2014}
}

@article{rietveld_bruinsma_van_vuuren_2001,
    title={Coping with unreliability in public transport chains: A case study for Netherlands},
    volume={35},
    DOI={10.1016/s0965-8564(00)00006-9},
    number={6},
    journal={Transportation Research Part A: Policy and Practice},
    author={Rietveld, P and Bruinsma, F.R and van Vuuren, D.J},
    year={2001},
    pages={539-559}
}

@article{rudnicki_1997,
    title={Measures of Regularity and Punctuality in Public Transport Operation},
    volume={30},
    DOI={10.1016/s1474-6670(17)43896-1},
    number={8},
    journal={IFAC Proceedings Volumes},
    author={Rudnicki, Andrzej},
    year={1997},
    pages={661-666}
}

@article{san_mohd_masirin_2016,
    title={Train Dwell Time Models for Rail Passenger Service},
    volume={47},
    DOI={10.1051/matecconf/20164703005},
    journal={MATEC Web of Conferences},
    author={San, Hor Peay and Mohd Masirin, Mohd Idrus},
    year={2016},
    pages={03005}
}
@phdthesis{skagestad_2004,
    title={Kritiske prestasjonsindikatorer i jernbanedrift},
    school={Norwegian University of Science and Technology},
    author={Skagestad, R},
    year={2004}
}

@phdthesis{van_oort_2011,
    title={Service Reliability and Urban Public Transport Design},
    school={University of Delft},
    author={van Oort, Niels},
    year={2011}
}

@article{wang_zhang_2019,
    title={Train delay analysis and prediction based on big data fusion},
    volume={1},
    DOI={10.1093/tse/tdy001},
    number={1},
    journal={Transportation Safety and Environment},
    author={Wang, Pu and Zhang, Qing-peng},
    year={2019},
    pages={79-88}
}

@article{wang_work_2015,
    title={Data Driven Approaches for Passenger Train Delay Estimation},
    DOI={10.1109/itsc.2015.94},
    journal={2015 IEEE 18th International Conference on Intelligent Transportation Systems},
    author={Wang, Ren and Work, Daniel B.},
    year={2015}
}
@article{wen_li_lessan_fu_huang_jiang_2017,
    title={Statistical investigation on train primary delay based on real records: evidence from Wuhan–Guangzhou HSR},
    volume={5},
    DOI={10.1080/23248378.2017.1307144},
    number={3},
    journal={International Journal of Rail Transportation},
    author={Wen, Chao and Li, Zhongcan and Lessan, Javad and Fu, Liping and Huang, Ping and Jiang, Chaozhe},
    year={2017},
    pages={170-189}
}

@article{yaghini_khoshraftar_seyedabadi_2013,
    title={Railway passenger train delay prediction via neural network model},
    volume={47},
    DOI={10.1002/atr.193},
    number={3},
    journal={Journal of Advanced Transportation},
    author={Yaghini, Masoud and Khoshraftar, Mohammad M. and Seyedabadi, Masoud},
    year={2013},
    pages={355-368}
}

@article{yuan_2007,
    title={Dealing with Stochastic Dependence in the Modeling of Train Delays and Delay Propagation},
    DOI={10.1061/40932(246)641},
    journal={International Conference on Transportation Engineering 2007},
    author={Yuan, Jianxin},
    year={2007}
}

@article{yuan_hansen_2007,
    title={Optimizing capacity utilization of stations by estimating knock-on train delays},
    volume={41},
    DOI={10.1016/j.trb.2006.02.004},
    number={2},
    journal={Transportation Research Part B: Methodological},
    author={Yuan, Jianxin and Hansen, Ingo A.},
    year={2007},
    pages={202-217}
}

@InProceedings{berger_et_al_2011,
  author =	{Annabell Berger and Andreas Gebhardt and Matthias M{\"u}ller-Hannemann and Martin Ostrowski},
  title =	{{Stochastic Delay Prediction in Large Train Networks}},
  booktitle =	{11th Workshop on Algorithmic Approaches for Transportation Modelling, Optimization, and Systems},
  pages =	{100--111},
  series =	{OpenAccess Series in Informatics (OASIcs)},
  ISBN =	{978-3-939897-33-0},
  ISSN =	{2190-6807},
  year =	{2011},
  volume =	{20},
  editor =	{Alberto Caprara and Spyros Kontogiannis},
  publisher =	{Schloss Dagstuhl--Leibniz-Zentrum fuer Informatik},
  address =	{Dagstuhl, Germany},
  URL =		{http://drops.dagstuhl.de/opus/volltexte/2011/3270},
  URN =		{urn:nbn:de:0030-drops-32705},
  doi =		{10.4230/OASIcs.ATMOS.2011.100},
  annote =	{Keywords: stochastic delay propagation, timetable information, delay management, train disposition, stability analysis}
}

@InProceedings{dingler_koening_sam_christopher_2010,
  author =	{Dingler, Mark and Koenig, Amanda and Sogin, Sam and Barkan, Christopher},
  title =	{Determining the causes of train delay},
  booktitle =	{AREMA Annual Conference Proceedings},
  year =	{2010}
}

@online{nr_delay_causes,
  author = {Network Rail},
  title = {Delays explained},
  year = 2019,
  url = {https://www.networkrail.co.uk/running-the-railway/looking-after-the-railway/delays-explained/},
  urldate = {2019-11-19}
}

@online{nr_knock_on_delays,
  author = {Network Rail},
  title = {Knock-on delays},
  year = 2019,
  url = {https://www.networkrail.co.uk/running-the-railway/looking-after-the-railway/delays-explained/knock-on-delays/},
  urldate = {2019-11-19}
}

@article{dingler_koening_sam_christopher_2019,
	author = {Dingler, Mark and Koenig, Amanda and Sogin, Sam and Barkan, Christopher},
	year = {2019},
	month = {11},
	pages = {},
	title = {Determining the Causes of Train Delay}
}

@article{goverde_hansen_2013,
	title={Performance indicators for railway timetables},
	DOI={10.1109/icirt.2013.6696312},
	journal={2013 IEEE International Conference on Intelligent Rail Transportation Proceedings},
	author={Goverde, Rob M.P. and Hansen, Ingo A.},
	year={2013}
}

@inbook{kecman_corman_meng_2015, 
	place={Tokyo},
	title={Train delay evolution as a stochastic process},
	url={http://urn.kb.se/resolve?urn=urn:nbn:se:liu:diva-119746},
	booktitle={Proceedings of the 6th International Conference on Railway Operations Modelling and Analysis: RailTokyo2015}, 
	author={Kecman, Pavle and Corman, Francesco and Meng, Lingyun},
	year={2015}
}

@article{puong_2000,
	author = {Puong, Andre},
	year = {2000},
	month = {03},
	day = {30},
	title = {Dwell Time Model and Analysis for the MBTA Red Line}
}

@book{friedenthal_moore_steiner_2012,
	edition={2},
	title={A Practical Guide to SysML},
	publisher={Morgan Kaufmann Publishers},
	author={Friedenthal, Sanford and Moore, Alan and Steiner, Rick},
	year={2012}
}

@article{frank_1966,
	title={Two-Way Traffic on a Single Line of Railway},
	volume={14},
	DOI={10.1287/opre.14.5.801},
	number={5},
	journal={Operations Research},
	author={Frank, Ove},
	year={1966},
	pages={801-811}
}

@article{petersen_1974,
	title={Over-the-Road Transit Time for a Single Track Railway},
	volume={8},
	DOI={10.1287/trsc.8.1.65},
	number={1},
	journal={Transportation Science},
	author={Petersen, E. R.},
	year={1974},
	pages={65-74}
}

@article{chen_harker_1990,
	title={Two Moments Estimation of the Delay on Single-Track Rail Lines with Scheduled Traffic},
	volume={24},
	DOI={10.1287/trsc.24.4.261},
	number={4},
	journal={Transportation Science},
	author={Chen, Bintong and Harker, Patrick T.},
	year={1990},
	pages={261-275}
}

@article{carey_kwiecinski_1994,
	title={Stochastic approximation to the effects of headways on knock-on delays of trains},
	volume={28},
	DOI={10.1016/0191-2615(94)90001-9},
	number={4},
	journal={Transportation Research Part B: Methodological},
	author={Carey, Malachy and Kwieciński, Andrzej},
	year={1994},
	pages={251-267}
}

@article{ozekici_sengor_1994,
	title={On a Rail Transportation Model with Scheduled Services},
	volume={28},
	DOI={10.1287/trsc.28.3.246},
	number={3},
	journal={Transportation Science},
	author={Özekici, Süleyman and Şengör, Selim},
	year={1994},
	pages={246-255}
}

@article{nabian_alemazkoor_meidani_2019,
	title={Predicting Near-Term Train Schedule Performance and Delay Using Bi-Level Random Forests},
	volume={2673},
	DOI={10.1177/0361198119840339},
	number={5},
	url = {https://journals.sagepub.com/doi/full/10.1177/0361198119840339?casa_token=DFAg4bqXSC0AAAAA%3AE_fjvjujqVan3ZdY5rmfeVAUl-q5Qsr7ExDIW3fhcEKTQqGg_qae5mredq8XJyeR5plFdL8WcwAXuw},
	journal={Transportation Research Record: Journal of the Transportation Research Board},
	author={Nabian, Mohammad Amin and Alemazkoor, Negin and Meidani, Hadi},
	year={2019},
	pages={564-573}
}

@article{williams_hollingsworth_2005,
	title={Automatic mining of source code repositories to improve bug finding techniques},
	volume={31},
	DOI={10.1109/tse.2005.63},
	number={6},
	journal={IEEE Transactions on Software Engineering},
	author={Williams, C.C. and Hollingsworth, J.K.},
	year={2005},
	pages={466-480}
}

@mastersthesis{bosscha_2016,
    month = {June},
	school = {University of Twente},
    title = {Big data in railway operations: using artificial neural networks to predict train delay propagation},
    author = {E. {Bosscha}},
    year = {2016},
    url = {http://essay.utwente.nl/71006/}
}

@article{heckman_williams_2011,
	title={A systematic literature review of actionable alert identification techniques for automated static code analysis},
	volume={53},
	DOI={10.1016/j.infsof.2010.12.007},
	number={4},
	journal={Information and Software Technology},
	author={Heckman, Sarah and Williams, Laurie},
	year={2011},
	pages={363-387}
}

@article{nair_hoang_laumanns_chen_cogill_szabo_walter_2019,
	title={An ensemble prediction model for train delays},
	volume={104},
	DOI={10.1016/j.trc.2019.04.026},
	journal={Transportation Research Part C: Emerging Technologies},
	author={Nair, Rahul and Hoang, Thanh Lam and Laumanns, Marco and Chen, Bei and Cogill, Randall and Szabó, Jácint and Walter, Thomas},
	year={2019},
	pages={196-209}
}

@article{ghofrani_he_goverde_liu_2018
	title={Recent applications of big data analytics in railway transportation systems: A survey},
	volume={90},
	DOI={10.1016/j.trc.2018.03.010},
	journal={Transportation Research Part C: Emerging Technologies},
	author={Ghofrani, Faeze and He, Qing and Goverde, Rob M.P. and Liu, Xiang},
	year={2018},
	pages={226-246}
}
