@article{lessan_fu_wen_2019,
    title={A hybrid Bayesian network model for predicting delays in train operations},
    volume={127},
    DOI={10.1016/j.cie.2018.03.017},
    journal={Computers \& Industrial Engineering},
    author={Lessan, Javad and Fu, Liping and Wen, Chao},
    year={2019},
    pages={1214-1222}
}

@book{harris_godward_1992,
	place={Glossop, Derbyshire},
	title={Planning passenger railways},
	publisher={Transport Publishing Company},
	author={Harris, Nigel G and Godward, Ernest W},
	year={1992}
}

@book{nao_2008,
	place={London},
	title={Reducing passenger rail delays by better management of incidents (HC 308, 2007-08)},
	publisher={The Stationery Office},
	author={NAO},
	year={2008}
}

@article{olsson_haugland_2004,
    title={Influencing factors on train punctuality - results from some Norwegian studies},
    volume={11},
    DOI={10.1016/j.tranpol.2004.07.001},
    number={4},
    journal={Transport Policy},
    author={Olsson, Nils O.E. and Haugland, Hans},
    year={2004},
    pages={387-397}
}

@article{oneto_et_al_2016,
    title={Advanced Analytics for Train Delay Prediction Systems by Including Exogenous Weather Data},
    DOI={10.1109/dsaa.2016.57},
    journal={2016 IEEE International Conference on Data Science and Advanced Analytics (DSAA)},
    author={Oneto, Luca and Fumeo, Emanuele and Clerico, Giorgio and Canepa, Renzo and Papa, Federico and Dambra, Carlo and Mazzino, Nadia and Anguita, Davide},
    year={2016}
}

@article{milinkovic_et_al_2013,
    title={A fuzzy Petri net model to estimate train delays},
    volume={33},
    DOI={10.1016/j.simpat.2012.12.005},
    journal={Simulation Modelling Practice and Theory},
    author={Milinković, Sanjin and Marković, Milan and Vesković, Slavko and Ivić, Miloš and Pavlović, Norbert},
    year={2013},
    pages={144-157}
}

@article{markovic_et_al_2015,
    title={Analyzing passenger train arrival delays with support vector regression},
    volume={56},
    DOI={10.1016/j.trc.2015.04.004},
    journal={Transportation Research Part C: Emerging Technologies},
    author={Marković, Nikola and Milinković, Sanjin and Tikhonov, Konstantin S. and Schonfeld, Paul},
    year={2015},
    pages={251-262}
}

@book{ponniah_2010,
    place={Hoboken, N.J.},
    edition={2},
    title={Data warehousing fundamentals for IT professionals},
    publisher={Wiley},
    author={Ponniah, Paulraj},
    year={2010}
}

@article{wang_zhang_2019,
    title={Train delay analysis and prediction based on big data fusion},
    volume={1},
    DOI={10.1093/tse/tdy001},
    number={1},
    journal={Transportation Safety and Environment},
    author={Wang, Pu and Zhang, Qing-peng},
    year={2019},
    pages={79-88}
}

@article{wang_work_2015,
    title={Data Driven Approaches for Passenger Train Delay Estimation},
    DOI={10.1109/itsc.2015.94},
    journal={2015 IEEE 18th International Conference on Intelligent Transportation Systems},
    author={Wang, Ren and Work, Daniel B.},
    year={2015}
}

@article{yaghini_et_al_2013,
    title={Railway passenger train delay prediction via neural network model},
    volume={47},
    DOI={10.1002/atr.193},
    number={3},
    journal={Journal of Advanced Transportation},
    author={Yaghini, Masoud and Khoshraftar, Mohammad M. and Seyedabadi, Masoud},
    year={2013},
    pages={355-368}
}

@InProceedings{berger_et_al_2011,
  author={Annabell Berger and Andreas Gebhardt and Matthias M{\"u}ller-Hannemann and Martin Ostrowski},
  title={Stochastic Delay Prediction in Large Train Networks},
  booktitle={11th Workshop on Algorithmic Approaches for Transportation Modelling, Optimization, and Systems},
  pages={100--111},
  ISBN={978-3-939897-33-0},
  year={2011},
  volume={20},
  editor={Alberto Caprara and Spyros Kontogiannis},
  publisher={Schloss Dagstuhl--Leibniz-Zentrum fuer Informatik},
  doi={10.4230/OASIcs.ATMOS.2011.100},
}

@inproceedings{kohavi_1995,
    author = {Kohavi, Ron},
    title = {A Study of Cross-Validation and Bootstrap for Accuracy Estimation and Model Selection},
    year = {1995},
    isbn = {1558603638},
    publisher = {Morgan Kaufmann Publishers Inc.},
    address = {San Francisco, CA, USA},
    booktitle = {Proceedings of the 14th International Joint Conference on Artificial Intelligence - Volume 2},
    pages = {1137–1143},
    numpages = {7},
    location = {Montreal, Quebec, Canada},
    series = {IJCAI’95}
}

@article{chawla_et_al_2002,
    title={SMOTE: Synthetic Minority Over-sampling Technique},
    volume={16},
    DOI={10.1613/jair.953},
    journal={Journal of Artificial Intelligence Research},
    author={Chawla, N. V. and Bowyer, K. W. and Hall, L. O. and Kegelmeyer, W. P.},
    year={2002},
    pages={321-357}
}

@book{friedenthal_moore_steiner_2012,
	edition={2},
	title={A Practical Guide to SysML},
	publisher={Morgan Kaufmann Publishers},
	author={Friedenthal, Sanford and Moore, Alan and Steiner, Rick},
	year={2012}
}

@article{frank_1966,
	title={Two-Way Traffic on a Single Line of Railway},
	volume={14},
	DOI={10.1287/opre.14.5.801},
	number={5},
	journal={Operations Research},
	author={Frank, Ove},
	year={1966},
	pages={801-811}
}

@article{petersen_1974,
	title={Over-the-Road Transit Time for a Single Track Railway},
	volume={8},
	DOI={10.1287/trsc.8.1.65},
	number={1},
	journal={Transportation Science},
	author={Petersen, E. R.},
	year={1974},
	pages={65-74}
}

@article{chen_harker_1990,
	title={Two Moments Estimation of the Delay on Single-Track Rail Lines with Scheduled Traffic},
	volume={24},
	DOI={10.1287/trsc.24.4.261},
	number={4},
	journal={Transportation Science},
	author={Chen, Bintong and Harker, Patrick T.},
	year={1990},
	pages={261-275}
}

@article{carey_kwiecinski_1994,
	title={Stochastic approximation to the effects of headways on knock-on delays of trains},
	volume={28},
	DOI={10.1016/0191-2615(94)90001-9},
	number={4},
	journal={Transportation Research Part B: Methodological},
	author={Carey, Malachy and Kwieciński, Andrzej},
	year={1994},
	pages={251-267}
}

@article{ozekici_sengor_1994,
	title={On a Rail Transportation Model with Scheduled Services},
	volume={28},
	DOI={10.1287/trsc.28.3.246},
	number={3},
	journal={Transportation Science},
	author={Özekici, Süleyman and Şengör, Selim},
	year={1994},
	pages={246-255}
}
